<?xml version="1.0" encoding="UTF-8"?><collection xmlns="http://www.loc.gov/MARC21/slim"><record><leader>00346nam--2200121-i-4500</leader><controlfield tag="001">000021852</controlfield><controlfield tag="002">20161230</controlfield><controlfield tag="005">20161230201034</controlfield><controlfield tag="008">060222s1000------------r-----000-0-eng-d</controlfield><datafield ind1=" " ind2=" " tag="245"><subfield code="a">Die grundlagen der theoretische physik. iii: theorie der wellen</subfield></datafield><datafield ind1=" " ind2=" " tag="260"><subfield code="a">Berlin, Veb Verlag Technik, 1955</subfield></datafield><datafield ind1=" " ind2=" " tag="490"><subfield code="a">Lehrbriefe Fur Das Fernstudium</subfield></datafield><datafield ind1=" " ind2=" " tag="852"><subfield code="a">6581</subfield></datafield></record></collection>